@article{Tange2011a,
  title = {GNU Parallel - The Command-Line Power Tool},
  author = {O. Tange},
  address = {Frederiksberg, Denmark},
  journal = {;login: The USENIX Magazine},
  month = {Feb},
  number = {1},
  volume = {36},
  url = {http://www.gnu.org/s/parallel},
  year = {2011},
  pages = {42-47},
  doi = {10.5281/zenodo.16303}
}
@book{tanenbaum_steen_2007, 
place={Upper Saddle River, NJ}, title={Distributed {S}ystems: {P}rinciples and {P}aradigms}, 
publisher={Pearson Prentice Hall}, author={Tanenbaum, Andrew S. and Steen, Maarten van.}, year={2007},
}
@misc{parallel_boundary_domain_integral_method, 
title={Parallel Boundary Domain Integral Method}, 
url={http://ilona.uni-mb.si/ispra/bemparal.html}, 
journal={Parallel Boundary Domain Integral Method}}
@misc{mivule_2011, 
title={Difference between Sequential and Parallel Programming}, 
url={https://mivuletech.wordpress.com/2011/01/12/difference-between-sequential-and-parallel-programming/}, 
journal={Kato Mivules Tech}, 
author={Mivule, Kato}, 
year={2011},
}
