@book{tanenbaum_steen_2007, 
place={Upper Saddle River, NJ}, title={Distributed {S}ystems: {P}rinciples and {P}aradigms}, 
publisher={Pearson Prentice Hall}, author={Tanenbaum, Andrew S. and Steen, Maarten van.}, year={2007},
}
@misc{ibm_knowledge_center, 
title={{C}reating a connection-oriented socket}, 
url={https://www-01.ibm.com/support/knowledgecenter/#!/ssw_ibm_i_61/rzab6/connectionor.htm}, 
publish={IBM Knowledge Center},
author={IBM Knowledge Center},
journal={IBM Knowledge Center},
}
@misc{www.tutorialspoint.com, 
title={{U}nix {S}ocket {C}lient {S}erver {M}odel {A}rchitecture}, 
url={http://www.tutorialspoint.com/unix_sockets/client_server_model.htm},
author={www.tutorialspoint.com},
publisher={www.tutorialspoint.com},
journal={www.tutorialspoint.com},
}
