@book{tanenbaum_steen_2007, 
place={Upper Saddle River, NJ}, 
title={Distributed {S}ystems: {P}rinciples and {P}aradigms}, 
publisher={Pearson Prentice Hall}, 
author={Tanenbaum, Andrew S. and Steen, Maarten van.}, 
year={2007},
}
@article{Traeger:2008:NYS:1367829.1367831,
 author = {Traeger, Avishay and Zadok, Erez and Joukov, Nikolai and Wright, Charles P.},
 title = {A Nine Year Study of File System and Storage Benchmarking},
 journal = {Trans. Storage},
 issue_date = {May 2008},
 volume = {4},
 number = {2},
 month = may,
 year = {2008},
 issn = {1553-3077},
 pages = {5:1--5:56},
 articleno = {5},
 numpages = {56},
 url = {http://doi.acm.org/10.1145/1367829.1367831},
 doi = {10.1145/1367829.1367831},
 acmid = {1367831},
 publisher = {ACM},
 address = {New York, NY, USA},
 keywords = {Benchmarks, file systems, storage systems},
}
@misc{coyle_2013, 
title={Simple Bonnie Example | JamesCoyle.net}, 
NOTE = {\url{http://www.jamescoyle.net/how-to/913-simple-bonnie-example}. Accessed 30 March 2016.},
url={http://www.jamescoyle.net/how-to/913-simple-bonnie-example}, 
journal={JamesCoylenet}, 
publisher={James Coyle}, 
author={Coyle, James}, 
year={2013}, 
month={Dec},
}
