@book{tanenbaum_steen_2007, 
place={Upper Saddle River, NJ}, 
title={Distributed {S}ystems: {P}rinciples and {P}aradigms}, 
publisher={Pearson Prentice Hall}, 
author={Tanenbaum, Andrew S. and Steen, Maarten van.}, 
year={2007},
}
@article{2001:IMS:380749.380771,
 title = {An {I}nternet {M}ulticast {S}ystem for the {S}tock {M}arket},
 journal = {ACM Trans. Comput. Syst.},
 issue_date = {Aug. 2001},
 volume = {19},
 number = {3},
 month = aug,
 year = {2001},
 issn = {0734-2071},
 pages = {384--412},
 numpages = {29},
 url = {http://doi.acm.org/10.1145/380749.380771},
 doi = {10.1145/380749.380771},
 acmid = {380771},
 publisher = {ACM},
 address = {New York, NY, USA},
 keywords = {multicast},
key = {{$\!\!$}} ,
}
@inproceedings{Dutta:2002:MSS:570705.570717,
author = {Dutta, Ashutosh and Das, Subir and Chen, Wai and McAuley, Anthony and Schulzrinne, Henning and Altintas, Onur},
title = {MarconiNet {S}upporting {S}treaming {M}edia over {L}ocalized {W}ireless {M}ulticast},
booktitle = {Proceedings of the 2Nd International Workshop on Mobile Commerce},
series = {WMC '02},
year = {2002},
isbn = {1-58113-600-5},
location = {Atlanta, Georgia, USA},
pages = {61--69},
numpages = {9},
url = {http://doi.acm.org/10.1145/570705.570717},
doi = {10.1145/570705.570717},
acmid = {570717},
publisher = {ACM},
address = {New York, NY, USA},
keywords = {join/leave latency, marconinet, multicast, streaming},
}
@misc{datagramsocket_java_platform_se_7, 
title={DatagramSocket (Java Platform SE 7 )}, 
howpublished = "\url{https://docs.oracle.com/javase/7/docs/api/java/net/datagramsocket.html}", journal={DatagramSocket (Java Platform SE 7 )},
}
@misc{inetaddress_java_platform_se_6, 
title={InetAddress (Java Platform SE 6)}, 
howpublished = "\url{http://docs.oracle.com/javase/6/docs/api/java/net/inetaddress.html}", 
journal={InetAddress (Java Platform SE 6)},
}
@misc{multicastsocket_java_platform_se_7_b123, 
title={MulticastSocket (Java Platform SE 7 b123)}, 
howpublished = "\url{http://download.java.net/jdk7/archive/b123/docs/api/java/net/multicastsocket.html}",
journal={MulticastSocket (Java Platform SE 7 b123)},
}
