@book{tanenbaum_steen_2007, 
place={Upper Saddle River, NJ}, title={Distributed {S}ystems: {P}rinciples and {P}aradigms}, 
publisher={Pearson Prentice Hall}, author={Tanenbaum, Andrew S. and Steen, Maarten van.}, year={2007},
}

