@book{tanenbaum_steen_2007, 
place={Upper Saddle River, NJ}, 
title={Distributed {S}ystems: {P}rinciples and {P}aradigms}, 
publisher={Pearson Prentice Hall}, 
author={Tanenbaum, Andrew S. and Steen, Maarten van.}, 
year={2007},
}
@inproceedings{Kapitza:2005:FRE:1101516.1101518,
 author = {Kapitza, R\"{u}diger and Kirstein, Michael and Schmidt, Holger and Hauck, Franz J.},
 title = {FORMI: An RMI Extension for Adaptive Applications},
 booktitle = {Proceedings of the 4th Workshop on Reflective and Adaptive Middleware Systems},
 series = {ARM '05},
 year = {2005},
 isbn = {1-59593-270-4},
 location = {Grenoble, France},
 url = {http://doi.acm.org/10.1145/1101516.1101518},
 doi = {10.1145/1101516.1101518},
 acmid = {1101518},
 publisher = {ACM},
 address = {New York, NY, USA},
 keywords = {Java RMI, adaptability, fragmented objects},
}
@inproceedings{Yang:2006:SSJ:1168054.1168063,
 author = {Yang, Chih-Chieh and Chen, Chung-Kai and Chang, Yu-Hao and Chung, Kai-Hsin and Lee, Jenq-Kuen},
 title = {Streaming Support for Java RMI in Distributed Environments},
 booktitle = {Proceedings of the 4th International Symposium on Principles and Practice of Programming in Java},
 series = {PPPJ '06},
 year = {2006},
 isbn = {3-939352-05-5},
 location = {Mannheim, Germany},
 pages = {53--61},
 numpages = {9},
 url = {http://doi.acm.org/10.1145/1168054.1168063},
 doi = {10.1145/1168054.1168063},
 acmid = {1168063},
 publisher = {ACM},
 address = {New York, NY, USA},
 keywords = {Java RMI, Java-based tools, aggregation scheduling methods, novel applications of Java, streaming Java RMI},
}
